@inproceedings{ramachandran2017searching,
  title={Searching for activation functions},
  author={Ramachandran, Prajit and Zoph, Barret and Le, Quoc V},
  booktitle={Proceedings of the International Conference on Learning Representations (ICLR)},
  year={2017}
}

@article{hendrycks2016gaussian,
  title={Gaussian error linear units (GELUs)},
  author={Hendrycks, Dan and Gimpel, Kevin},
  journal={arXiv preprint arXiv:1606.08415},
  year={2016}
}

@article{misra2019mish,
  title={Mish: A self regularized non-monotonic activation function},
  author={Misra, Diganta},
  journal={arXiv preprint arXiv:1908.08681},
  year={2019}
}

@inproceedings{nair2010rectified,
  title={Rectified linear units improve restricted Boltzmann machines},
  author={Nair, Vinod and Hinton, Geoffrey E},
  booktitle={Proceedings of the 27th International Conference on Machine Learning (ICML)},
  pages={807--814},
  year={2010}
}

@inproceedings{glorot2011deep,
  title={Deep sparse rectifier neural networks},
  author={Glorot, Xavier and Bordes, Antoine and Bengio, Yoshua},
  booktitle={Proceedings of the Fourteenth International Conference on Artificial Intelligence and Statistics},
  pages={315--323},
  year={2011}
}

@article{clevert2015fast,
  title={Fast and accurate deep network learning by exponential linear units (ELUs)},
  author={Clevert, Djork-Arn{\'e} and Unterthiner, Thomas and Hochreiter, Sepp},
  journal={arXiv preprint arXiv:1511.07289},
  year={2015}
}

@inproceedings{he2016deep,
  title={Deep residual learning for image recognition},
  author={He, Kaiming and Zhang, Xiangyu and Ren, Shaoqing and Sun, Jian},
  booktitle={Proceedings of the IEEE Conference on Computer Vision and Pattern Recognition (CVPR)},
  pages={770--778},
  year={2016}
}

@inproceedings{simonyan2014very,
  title={Very deep convolutional networks for large-scale image recognition},
  author={Simonyan, Karen and Zisserman, Andrew},
  booktitle={Proceedings of the International Conference on Learning Representations (ICLR)},
  year={2015}
}

@article{ioffe2015batch,
  title={Batch normalization: Accelerating deep network training by reducing internal covariate shift},
  author={Ioffe, Sergey and Szegedy, Christian},
  journal={Proceedings of the 32nd International Conference on Machine Learning (ICML)},
  pages={448--456},
  year={2015}
}

@article{krizhevsky2009learning,
  title={Learning multiple layers of features from tiny images},
  author={Krizhevsky, Alex and Hinton, Geoffrey and others},
  journal={Technical report, University of Toronto},
  year={2009}
}

@article{hebb1949organization,
  title={The organization of behavior: A neuropsychological theory},
  author={Hebb, Donald O},
  journal={Psychology Press},
  year={1949}
}

@article{bishop2006pattern,
  title={Pattern recognition and machine learning},
  author={Bishop, Christopher M},
  journal={Springer},
  year={2006}
}

@inproceedings{agostinelli2014learning,
  title={Learning activation functions to improve deep neural networks},
  author={Agostinelli, Forest and Hoffman, Matthew and Sadowski, Peter and Baldi, Pierre},
  booktitle={Proceedings of the International Conference on Learning Representations (ICLR)},
  year={2015}
}

@article{goyal2019parametric,
  title={Parametric ReLU: Generalizing and improving upon leaky ReLU},
  author={He, Kaiming and Zhang, Xiangyu and Ren, Shaoqing and Sun, Jian},
  journal={arXiv preprint arXiv:1502.01852},
  year={2015}
}

@inproceedings{maas2013rectifier,
  title={Rectifier nonlinearities improve neural network acoustic models},
  author={Maas, Andrew L and Hannun, Awni Y and Ng, Andrew Y},
  booktitle={Proceedings of the 30th International Conference on Machine Learning (ICML)},
  volume={30},
  number={1},
  pages={3},
  year={2013}
}

@article{xu2015empirical,
  title={Empirical evaluation of rectified activations in convolutional network},
  author={Xu, Bing and Wang, Naiyan and Chen, Tianqi and Li, Mu},
  journal={arXiv preprint arXiv:1505.00853},
  year={2015}
}

@inproceedings{zoph2016neural,
  title={Neural architecture search with reinforcement learning},
  author={Zoph, Barret and Le, Quoc V},
  booktitle={Proceedings of the International Conference on Learning Representations (ICLR)},
  year={2017}
}

@article{elfwing2018sigmoid,
  title={Sigmoid-weighted linear units for neural network function approximation in reinforcement learning},
  author={Elfwing, Stefan and Uchibe, Eiji and Doya, Kenji},
  journal={Neural Networks},
  volume={107},
  pages={3--11},
  year={2018}
}

@article{goodfellow2016deep,
  title={Deep learning},
  author={Goodfellow, Ian and Bengio, Yoshua and Courville, Aaron},
  journal={MIT press},
  year={2016}
}

@article{lecun2015deep,
  title={Deep learning},
  author={LeCun, Yann and Bengio, Yoshua and Hinton, Geoffrey},
  journal={Nature},
  volume={521},
  number={7553},
  pages={436--444},
  year={2015}
}
