@article{glorot2011relu,
  title={Deep sparse rectifier neural networks},
  author={Glorot, Xavier and Bordes, Antoine and Bengio, Yoshua},
  journal={Proceedings of the fourteenth international conference on artificial intelligence and statistics},
  pages={315--323},
  year={2011},
  organization={JMLR Workshop and Conference Proceedings}
}

@inproceedings{nair2010relu,
  title={Rectified linear units improve restricted boltzmann machines},
  author={Nair, Vinod and Hinton, Geoffrey E},
  booktitle={Proceedings of the 27th international conference on machine learning (ICML-10)},
  pages={807--814},
  year={2010}
}

@article{ramachandran2017swish,
  title={Searching for activation functions},
  author={Ramachandran, Prajit and Zoph, Barret and Le, Quoc V},
  journal={arXiv preprint arXiv:1710.05941},
  year={2017}
}

@article{hendrycks2016gelu,
  title={Gaussian error linear units (GELUs)},
  author={Hendrycks, Dan and Gimpel, Kevin},
  journal={arXiv preprint arXiv:1606.08415},
  year={2016}
}

@inproceedings{simonyan2014vgg,
  title={Very deep convolutional networks for large-scale image recognition},
  author={Simonyan, Karen and Zisserman, Andrew},
  booktitle={International Conference on Learning Representations},
  year={2015}
}

@inproceedings{he2016resnet,
  title={Deep residual learning for image recognition},
  author={He, Kaiming and Zhang, Xiangyu and Ren, Shaoqing and Sun, Jian},
  booktitle={Proceedings of the IEEE conference on computer vision and pattern recognition},
  pages={770--778},
  year={2016}
}

@article{krizhevsky2009cifar,
  title={Learning multiple layers of features from tiny images},
  author={Krizhevsky, Alex and Hinton, Geoffrey and others},
  year={2009},
  publisher={Toronto, ON, Canada}
}

@article{agostinelli2014learning,
  title={Learning activation functions to improve deep neural networks},
  author={Agostinelli, Forest and Hoffman, Matthew and Sadowski, Peter and Baldi, Pierre},
  journal={arXiv preprint arXiv:1412.6830},
  year={2014}
}

@article{clevert2015elu,
  title={Fast and accurate deep network learning by exponential linear units (ELUs)},
  author={Clevert, Djork-Arn{\'e} and Unterthiner, Thomas and Hochreiter, Sepp},
  journal={arXiv preprint arXiv:1511.07289},
  year={2015}
}

@article{misra2019mish,
  title={Mish: A self regularized non-monotonic activation function},
  author={Misra, Diganta},
  journal={arXiv preprint arXiv:1908.08681},
  year={2019}
}

@article{maas2013relu,
  title={Rectifier nonlinearities improve neural network acoustic models},
  author={Maas, Andrew L and Hannun, Awni Y and Ng, Andrew Y and others},
  booktitle={Proc. ICML},
  volume={30},
  number={1},
  pages={3},
  year={2013}
}

@article{goodfellow2013maxout,
  title={Maxout networks},
  author={Goodfellow, Ian J and Warde-Farley, David and Mirza, Mehdi and Courville, Aaron and Bengio, Yoshua},
  journal={Proceedings of the 30th International Conference on Machine Learning},
  pages={1319--1327},
  year={2013}
}

@article{klambauer2017selu,
  title={Self-normalizing neural networks},
  author={Klambauer, G{\"u}nter and Unterthiner, Thomas and Mayr, Andreas and Hochreiter, Sepp},
  journal={Advances in neural information processing systems},
  volume={30},
  year={2017}
}

@article{elfwing2018sigmoid,
  title={Sigmoid-weighted linear units for neural network function approximation in reinforcement learning},
  author={Elfwing, Stefan and Uchibe, Eiji and Doya, Kenji},
  journal={Neural Networks},
  volume={107},
  pages={3--11},
  year={2018},
  publisher={Elsevier}
}

@inproceedings{ioffe2015batch,
  title={Batch normalization: Accelerating deep network training by reducing internal covariate shift},
  author={Ioffe, Sergey and Szegedy, Christian},
  booktitle={International conference on machine learning},
  pages={448--456},
  year={2015},
  organization={PMLR}
}

@article{hebb1949organization,
  title={The organization of behavior: A neuropsychological theory},
  author={Hebb, Donald Olding},
  year={1949},
  publisher={Wiley New York}
}

@article{oja1982simplified,
  title={Simplified neuron model as a principal component analyzer},
  author={Oja, Erkki},
  journal={Journal of mathematical biology},
  volume={15},
  number={3},
  pages={267--273},
  year={1982},
  publisher={Springer}
}

@article{intrator1992bcm,
  title={Objective function formulation of the BCM theory of visual cortical plasticity: Statistical connections, stability conditions},
  author={Intrator, Nathan and Cooper, Leon N},
  journal={Neural networks},
  volume={5},
  number={1},
  pages={3--17},
  year={1992},
  publisher={Elsevier}
}
